@incollection{GCMLNCS,
year={2012},
isbn={978-3-642-32008-8},
booktitle={Advances in Cryptology â€“ CRYPTO 2012},
volume={7417},
series={Lecture Notes in Computer Science},
editor={Safavi-Naini, Reihaneh and Canetti, Ran},
doi={10.1007/978-3-642-32009-5_3},
title={Breaking and Repairing GCM Security Proofs},
url={http://dx.doi.org/10.1007/978-3-642-32009-5_3},
publisher={Springer Berlin Heidelberg},
keywords={GCM; counter-example; distinguishing attack; proof of security},
author={Iwata, Tetsu and Ohashi, Keisuke and Minematsu, Kazuhiko},
pages={31-49},
language={English}
}

@misc{cryptoeprint:2012:438,
    author = {Tetsu Iwata and Keisuke Ohashi and Kazuhiko Minematsu},
    title = {Breaking and Repairing GCM Security Proofs},
    howpublished = {Cryptology ePrint Archive, Report 2012/438},
    year = {2012},
    note = {\url{http://eprint.iacr.org/}},
}